@book{sqlite,
    TITLE = "The Definitive Guide to SQLite",
    edition = "1-ое",
    author = "Mike Owens",
    year = 2006,
    publisher = "Apress",
    pages = 440,
    howpublished = "твёрдый переплёт",
    language = {russian}
}

@book{dbtech,
    TITLE = "Основы технологий баз данных.",
    author = "Б. А. Новиков, Е. А. Горшкова, Н. Г. Графеева",
    year = 2018,
    publisher = "Postgres Professional",
    pages = 182,
    howpublished = "электронное издание",
    volume = 1,
    language = {russian},
}

@misc{smclin,
    TITLE = "Авторизация СМ-Клиника",
    url = "https://lk.smclinic.ru/",
    URLDATE = "11.11.2018",
    language = {russian},
}

@misc{dbdesign,
    TITLE = "Проектирование баз данных: Wikipedia - свободная энциклопедия",
    url = "https://ru.wikipedia.org/wiki/Database\_design",
    URLDATE = "11.11.2018",
    language = {russian},
}

@misc{1cclinic,
    TITLE = "1С:Медицина. Поликлиника",
    url = "https://solutions.1c.ru/catalog/clinic/features",
    URLDATE = "11.11.2018",
    language = {russian},
}

@MISC{domainknowladge,
    TITLE = "Предметная область: Wikipedia - свободная энциклопедия",
    url = "https://ru.wikipedia.org/wiki/Domain\_knowledge",
    URLDATE = "09.11.2018",
    language = {russian},
}

@misc{sqliteweb,
    TITLE = "Appropriate Uses For SQLite",
    url = "https://www.sqlite.org/whentouse.html",
    URLDATE = "09.11.2018",
    language = {russian}
}

@book{medstat,
    TITLE = "Медицинская статистика: конспект лекций",
    author = "Жидкова Ольга",
    pages = 180,
    publisher = "Eksmo education",
    year = 2009,
    language = {russian}

}

@misc{transform,
    TITLE = "Преобразование ER-модели в реляционную модель данных",
URL = "https://life-prog.ru/1_22432_preobrazovanie-ER-modeli-v-relyatsionnuyu-model-dannih.html",
    URLDATE = "13.11.2018",
    language = {russian}
}

